<?xml version="1.0" encoding="UTF-8"?><collection xmlns="http://www.loc.gov/MARC21/slim"><record><leader>00336nam--2200121-i-4500</leader><controlfield tag="001">000034752</controlfield><controlfield tag="002">20161230</controlfield><controlfield tag="005">20161230201040</controlfield><controlfield tag="008">060222s1000------------r-----000-0-eng-d</controlfield><datafield ind1=" " ind2=" " tag="080"><subfield code="a">539.143.43</subfield></datafield><datafield ind1=" " ind2=" " tag="245"><subfield code="a">Nmr.nqr.epr.current literature service.instruction and coding manual</subfield></datafield><datafield ind1=" " ind2=" " tag="260"><subfield code="a">London, Butterworth &amp; Co,. 1963. 20p</subfield></datafield><datafield ind1=" " ind2=" " tag="852"><subfield code="a">24208</subfield></datafield></record></collection>